@article{Canny1986ACA,
  title   = {A Computational Approach to Edge Detection},
  author  = {John F. Canny},
  journal = {IEEE Transactions on Pattern Analysis and Machine Intelligence},
  year    = {1986},
  volume  = {PAMI-8},
  pages   = {679-698}
}

@article{Sobel2014,
  author  = {Sobel, Irwin},
  year    = {2014},
  month   = {02},
  pages   = {},
  title   = {An Isotropic 3x3 Image Gradient Operator},
  journal = {Presentation at Stanford A.I. Project 1968}
}

@article{WanXing,
  author  = {Wan, Xing},
  year    = {2019},
  month   = {08},
  pages   = {052042},
  title   = {Application of K-means Algorithm in Image Compression},
  volume  = {563},
  journal = {IOP Conference Series: Materials Science and Engineering},
  doi     = {10.1088/1757-899X/563/5/052042}
}

